@article{href,
  author    = {Dmitry Pastukhov},
  title     = {Inside Spotifyâ€™s Recommender System: A Complete Guide to Spotify Recommendation Algorithms},
  year      = {2022},
  howpublished = "\url{https://www.music-tomorrow.com/blog/how-spotify-recommendation-system-works-a-complete-guide-2022}",
  note      = {https://www.music-tomorrow.com/blog/how-spotify-recommendation-system-works-a-complete-guide-2022},
}
@article{Belarus,
  author    = {Nazaruk K.Yu},
  title     = {ALGORITHMS FOR RECOMMENDING MUSIC STREAMING SERVICES SERVICES USING THE EXAMPLE OF SPOTIFY},
  year      = {2023},
  howpublished = "\url{https://libeldoc.bsuir.by/bitstream/123456789/51784/1/Nazaruk_Algoritmi.pdf}",
  note      = {https://libeldoc.bsuir.by/bitstream/123456789/51784/1/Nazaruk_Algoritmi.pdf},
}
@article{Diagramm,
  author    = {Glenn Peoples},
  title     = {Consumers Now Favor Streaming Services for Music Discovery Over All Other Sources},
  year      = {2020},
  howpublished = "\url{https://www.billboard.com/pro/consumers-streaming-music-discovery-music-360/}",
  note      = {https://www.billboard.com/pro/consumers-streaming-music-discovery-music-360/},
}
