@article{Belarus,
  author    = {Nazaruk K.Yu},
  title     = {Algorithms for Recommending Music Streaming Services Using the Example of Spotify},
  year      = {2023},
  howpublished = "\url{https://libeldoc.bsuir.by/bitstream/123456789/51784/1/Nazaruk_Algoritmi.pdf}",
  note      = {https://libeldoc.bsuir.by/bitstream/123456789/51784/1/Nazaruk_Algoritmi.pdf},
}